@misc{Bergner_2024_2402.16844v3,
 author = {Benjamin Bergner and Andrii Skliar and Amelie Royer and Tijmen Blankevoort and Yuki Asano and Babak Ehteshami Bejnordi},
 eprint = {2402.16844v3},
 title = {Think Big, Generate Quick: LLM-to-SLM for Fast Autoregressive Decoding},
 url = {http://www.arxiv.org/abs/2402.16844v3},
 year = {2024}
}

@misc{Liang_2024_2410.15570v1,
 author = {Laurence Liang},
 eprint = {2410.15570v1},
 title = {Stacking Small Language Models for Generalizability},
 url = {http://www.arxiv.org/abs/2410.15570v1},
 year = {2024}
}

@misc{Liao_2024_2409.13183v1,
 author = {Huanxuan Liao and Shizhu He and Yupu Hao and Xiang Li and Yuanzhe Zhang and Kang Liu and Jun Zhao},
 eprint = {2409.13183v1},
 title = {$\textit{SKIntern}$: Internalizing Symbolic Knowledge for Distilling Better CoT Capabilities into Small Language Models},
 url = {http://www.arxiv.org/abs/2409.13183v1},
 year = {2024}
}

@misc{Lu_2024_2409.15790v1,
 author = {Zhenyan Lu and Xiang Li and Dongqi Cai and Rongjie Yi and Fangming Liu and Xiwen Zhang and Nicholas D. Lane and Mengwei Xu},
 eprint = {2409.15790v1},
 title = {Small Language Models: Survey, Measurements, and Insights},
 url = {http://www.arxiv.org/abs/2409.15790v1},
 year = {2024}
}

@misc{Nahum_2024_2410.18889v1,
 author = {Omer Nahum and Nitay Calderon and Orgad Keller and Idan Szpektor and Roi Reichart},
 eprint = {2410.18889v1},
 title = {Are LLMs Better than Reported? Detecting Label Errors and Mitigating Their Effect on Model Performance},
 url = {http://www.arxiv.org/abs/2410.18889v1},
 year = {2024}
}

@misc{Rawat_2024_2410.18779v1,
 author = {Ankit Singh Rawat and Veeranjaneyulu Sadhanala and Afshin Rostamizadeh and Ayan Chakrabarti and Wittawat Jitkrittum and Vladimir Feinberg and Seungyeon Kim and Hrayr Harutyunyan and Nikunj Saunshi and Zachary Nado and Rakesh Shivanna and Sashank J. Reddi and Aditya Krishna Menon and Rohan Anil and Sanjiv Kumar},
 eprint = {2410.18779v1},
 title = {A Little Help Goes a Long Way: Efficient LLM Training by Leveraging Small LMs},
 url = {http://www.arxiv.org/abs/2410.18779v1},
 year = {2024}
}

@misc{Shirgaonkar_2024_2410.18588v1,
 author = {Anup Shirgaonkar and Nikhil Pandey and Nazmiye Ceren Abay and Tolga Aktas and Vijay Aski},
 eprint = {2410.18588v1},
 title = {Knowledge Distillation Using Frontier Open-source LLMs: Generalizability and the Role of Synthetic Data},
 url = {http://www.arxiv.org/abs/2410.18588v1},
 year = {2024}
}

@misc{Zhan_2024_2410.13155v1,
 author = {Xianyang Zhan and Agam Goyal and Yilun Chen and Eshwar Chandrasekharan and Koustuv Saha},
 eprint = {2410.13155v1},
 title = {SLM-Mod: Small Language Models Surpass LLMs at Content Moderation},
 url = {http://www.arxiv.org/abs/2410.13155v1},
 year = {2024}
}
