@misc{alphacode,
  author = {Yujia Li, David Choi, Junyoung Chung, Nate Kushman, Julian Schrittwieser, Rémi},
  title  = {Leblond, Tom Eccles, James Keeling, Felix Gimeno, Agustin~Dal Lago, Thomas Hubert, Peter Choy, Cyprien de~Masson~d’Autume, Igor Babuschkin, Xinyun Chen, Po-Sen Huang, Johannes Welbl, Sven Gowal, Alexey Cherepanov, James Molloy, Daniel~J. Mankowitz, Esme~Sutherland Robson, Pushmeet Kohli, Nando de~Freitas, Koray Kavukcuoglu, and Oriol Vinyals.},
  url    = {https://www.science.org/doi/abs/10.1126/science.abq1158},
  year   = {6624}
}

@misc{automata-theory,
  author = {John~E. Hopcroft, Rajeev Motwani, and Jeffrey~D. Ullman.},
  title  = {Introduction to automata theory, languages, and computation, 2nd edition.},
  year   = {2001}
}

@misc{bpe-dfa,
  author = {Martin Berglund, Willeke Martens, and Brink van~der Merwe.},
  title  = {Constructing a bpe tokenization dfa, 2024.},
  year   = {n.d.}
}

@inproceedings{byte-pair,
  author = {Rico Sennrich, Barry Haddow, and Alexandra Birch.},
  title  = {Neural machine translation of rare words with subword units.},
  url    = {https://aclanthology.org/P16-1162},
  year   = {1715}
}

@article{chomsky-hierarchy,
  author = {Noam Chomsky.},
  title  = {Three models for the description of language.},
  year   = {1956}
}

@misc{compressed-fsm,
  author = {Liangsheng Yin, Ying Sheng, and Lianmin Zheng.},
  title  = {{Fast JSON Decoding for Local LLMs with Compressed Finite State Machine}, 2024.},
  url    = {https://lmsys.org/blog/2024-02-05-compressed-fsm/},
  year   = {2024}
}

@misc{deterministic-context-free-languages,
  author = {Seymour Ginsburg and Sheila Greibach.},
  title  = {Deterministic context free languages.},
  url    = {https://www.sciencedirect.com/science/article/pii/S0019995866800190},
  year   = {1966}
}

@article{determinize-fst,
  author = {M.~O. Rabin and D.~Scott.},
  title  = {Finite automata and their decision problems.},
  year   = {1959}
}

@misc{earley-parser,
  author = {Jay Earley.},
  title  = {An efficient context-free parsing algorithm.},
  url    = {https://doi.org/10.1145/362007.362035},
  year   = {1970}
}

@misc{fsts,
  author = {Mehryar Mohri.},
  title  = {Finite-state transducers in language and speech processing.},
  url    = {https://aclanthology.org/J97-2003},
  year   = {1997}
}

@inproceedings{gcd,
  author = {Saibo Geng, Martin Josifoski, Maxime Peyrard, and Robert West.},
  title  = {Grammar-constrained decoding for structured {NLP} tasks without finetuning.},
  url    = {https://aclanthology.org/2023.emnlp-main.674},
  year   = {2023}
}

@misc{gemma,
  author = {Gemma Team, Thomas Mesnard, Cassidy Hardin, Robert Dadashi, Surya Bhupatiraju,},
  title  = {Shreya Pathak, Laurent Sifre, Morgane Rivière, Mihir~Sanjay Kale, Juliette Love, Pouya Tafti, Léonard Hussenot, Pier~Giuseppe Sessa, Aakanksha Chowdhery, Adam Roberts, Aditya Barua, Alex Botev, Alex Castro-Ros, Ambrose Slone, Amélie Héliou, Andrea Tacchetti, Anna Bulanova, Antonia Paterson, Beth Tsai, Bobak Shahriari, Charline~Le Lan, Christopher~A. Choquette-Choo, Clément Crepy, Daniel Cer, Daphne Ippolito, David Reid, Elena Buchatskaya, Eric Ni, Eric Noland, Geng Yan, George Tucker, George-Christian Muraru, Grigory Rozhdestvenskiy, Henryk Michalewski, Ian Tenney, Ivan Grishchenko, Jacob Austin, James Keeling, Jane Labanowski, Jean-Baptiste Lespiau, Jeff Stanway, Jenny Brennan, Jeremy Chen, Johan Ferret, Justin Chiu, Justin Mao-Jones, Katherine Lee, Kathy Yu, Katie Millican, Lars~Lowe Sjoesund, Lisa Lee, Lucas Dixon, Machel Reid, Maciej Mikuła, Mateo Wirth, Michael Sharman, Nikolai Chinaev, Nithum Thain, Olivier Bachem, Oscar Chang, Oscar Wahltinez, Paige Bailey, Paul Michel, Petko Yotov, Rahma Chaabouni, Ramona Comanescu, Reena Jana, Rohan Anil, Ross McIlroy, Ruibo Liu, Ryan Mullins, Samuel~L Smith, Sebastian Borgeaud, Sertan Girgin, Sholto Douglas, Shree Pandya, Siamak Shakeri, Soham De, Ted Klimenko, Tom Hennigan, Vlad Feinberg, Wojciech Stokowiec, Yu~hui Chen, Zafarali Ahmed, Zhitao Gong, Tris Warkentin, Ludovic Peran, Minh Giang, Clément Farabet, Oriol Vinyals, Jeff Dean, Koray Kavukcuoglu, Demis Hassabis, Zoubin Ghahramani, Douglas Eck, Joelle Barral, Fernando Pereira, Eli Collins, Armand Joulin, Noah Fiedel, Evan Senter, Alek Andreev, and Kathleen Kenealy.},
  url    = {https://arxiv.org/abs/2403.08295},
  year   = {2024}
}

@misc{gnf,
  author = {Sheila~A. Greibach.},
  title  = {A new normal-form theorem for context-free phrase structure grammars.},
  url    = {https://doi.org/10.1145/321250.321254},
  year   = {1965}
}

@misc{gnf-revisited,
  author = {Robert Koch and Norbert Blum.},
  title  = {Greibach normal form transformation, revisited.},
  year   = {1997}
}

@misc{gpqa,
  author = {David Rein, Betty~Li Hou, Asa~Cooper Stickland, Jackson Petty, Richard~Yuanzhe},
  title  = {Pang, Julien Dirani, Julian Michael, and Samuel~R. Bowman.},
  year   = {2023}
}

@inproceedings{gpu-fst,
  author = {Arturo Argueta and David Chiang.},
  title  = {Composing finite state transducers on {GPU}s.},
  url    = {https://aclanthology.org/P18-1251},
  year   = {2697}
}

@inproceedings{json,
  author = {Felipe Pezoa, Juan~L. Reutter, Fernando Suarez, Mart\'{\i}n Ugarte, and Domagoj},
  title  = {Vrgo\v{c}.},
  url    = {https://doi.org/10.1145/2872427.2883029},
  year   = {2016}
}

@misc{knuth-lrk,
  author = {Donald~E. Knuth.},
  title  = {On the translation of languages from left to right.},
  url    = {https://www.sciencedirect.com/science/article/pii/S0019995865904262},
  year   = {1965}
}

@inproceedings{leviathan2023fast,
  author = {Yaniv Leviathan, Matan Kalman, and Yossi Matias.},
  title  = {Fast inference from transformers via speculative decoding.},
  year   = {1927}
}

@misc{normal-forms-of-deterministic-grammars,
  author = {Matthew~M. Geller, Michael~A. Harrison, and Ivan~M. Havel.},
  title  = {Normal forms of deterministic grammars.},
  url    = {https://www.sciencedirect.com/science/article/pii/S0012365X76800040},
  year   = {1976}
}

@misc{numpy,
  author = {Charles~R. Harris, K.~Jarrod Millman, St{\'{e}}fan~J. van~der Walt, Ralf},
  title  = {Gommers, Pauli Virtanen, David Cournapeau, Eric Wieser, Julian Taylor, Sebastian Berg, Nathaniel~J. Smith, Robert Kern, Matti Picus, Stephan Hoyer, Marten~H. van Kerkwijk, Matthew Brett, Allan Haldane, Jaime~Fern{\'{a}}ndez del R{\'{i}}o, Mark Wiebe, Pearu Peterson, Pierre G{\'{e}}rard-Marchant, Kevin Sheppard, Tyler Reddy, Warren Weckesser, Hameer Abbasi, Christoph Gohlke, and Travis~E. Oliphant.},
  url    = {https://doi.org/10.1038/s41586-020-2649-2},
  year   = {7825}
}

@inproceedings{openfst,
  author = {Michael Riley, Cyril Allauzen, and Martin Jansche.},
  title  = {{O}pen{F}st: An open-source, weighted finite-state transducer library and its applications to speech and language.},
  url    = {https://aclanthology.org/N09-4005},
  year   = {2009}
}

@inproceedings{openfst-pdt,
  author = {Cyril Allauzen and Michael Riley.},
  title  = {A pushdown transducer extension for the openfst library.},
  url    = {https://doi.org/10.1007/978-3-642-31606-7_6},
  year   = {2012}
}

@misc{outlines,
  author = {Brandon~T Willard and R{\'e}mi Louf.},
  title  = {Efficient guided generation for llms.},
  year   = {2307}
}

@misc{parsing-determinstic-languages,
  author = {Ivan~M. Havel and Michael~A. Harrison.},
  title  = {On the parsing of deterministic languages.},
  url    = {https://doi.org/10.1145/321850.321851},
  year   = {1974}
}

@inproceedings{picard,
  author = {Torsten Scholak, Nathan Schucher, and Dzmitry Bahdanau.},
  title  = {{PICARD}: Parsing incrementally for constrained auto-regressive decoding from language models.},
  url    = {https://aclanthology.org/2021.emnlp-main.779},
  year   = {2021}
}

@misc{python,
  author = {Guido Van~Rossum and Fred~L. Drake.},
  title  = {Python 3 Reference Manual.},
  year   = {2009}
}

@inproceedings{react,
  author = {Shunyu Yao, Jeffrey Zhao, Dian Yu, Nan Du, Izhak Shafran, Karthik~R Narasimhan,},
  title  = {and Yuan Cao.},
  url    = {https://openreview.net/forum?id=WE_vluYUL-X},
  year   = {2023}
}

@misc{regular-languages,
  author = {Stephen~Cole Kleene.},
  title  = {Representation of events in nerve nets and finite automata.},
  url    = {https://www.rand.org/content/dam/rand/pubs/research_memoranda/2008/RM704.pdf},
  year   = {1951}
}

@misc{sentence-piece,
  author = {Taku Kudo and John Richardson.},
  title  = {Sentencepiece: {A} simple and language independent subword tokenizer and detokenizer for neural text processing.},
  url    = {http://arxiv.org/abs/1808.06226},
  year   = {1808}
}

@inproceedings{Deutsch,
  author = {Daniel Deutsch, Shyam Upadhyay, and Dan Roth.},
  title  = {A general-purpose algorithm for constrained sequential inference.},
  url    = {https://aclanthology.org/K19-1045},
  year   = {2019}
}

@misc{smc,
  author = {Alexander~K. Lew, Tan Zhi-Xuan, Gabriel Grand, and Vikash~K. Mansinghka.},
  title  = {Sequential monte carlo steering of large language models using probabilistic programs, 2023.},
  year   = {n.d.}
}

@misc{sproat-normalization,
  author = {Richard Sproat and Navdeep Jaitly.},
  title  = {Rnn approaches to text normalization: A challenge, 2017.},
  url    = {https://arxiv.org/abs/1611.00068},
  year   = {2017}
}

@article{strict-deterministic-grammars,
  author = {Michael~A. Harrison and Ivan~M. Havel.},
  title  = {Strict deterministic grammars.},
  url    = {https://www.sciencedirect.com/science/article/pii/S002200007380008X},
  year   = {1973}
}

@inproceedings{survey,
  author = {Michael~Xieyang Liu, Frederick Liu, Alexander~J. Fiannaca, Terry Koo, Lucas},
  title  = {Dixon, Michael Terry, and Carrie~J. Cai.},
  url    = {http://dx.doi.org/10.1145/3613905.3650756},
  year   = {2024}
}

@inproceedings{synchromesh,
  author = {Gabriel Poesia, Alex Polozov, Vu~Le, Ashish Tiwari, Gustavo Soares, Christopher},
  title  = {Meek, and Sumit Gulwani.},
  url    = {https://openreview.net/forum?id=KmtVD97J43e},
  year   = {2022}
}

@misc{syncode,
  author = {Shubham Ugare, Tarun Suresh, Hangoo Kang, Sasa Misailovic, and Gagandeep Singh.},
  title  = {Improving llm code generation with grammar augmentation, 2024.},
  year   = {n.d.}
}

@misc{thompson-regex,
  author = {Ken Thompson.},
  title  = {Programming techniques: Regular expression search algorithm.},
  url    = {https://doi.org/10.1145/363347.363387},
  year   = {1968}
}

@misc{token-healing,
  author = {Scott Lundberg.},
  title  = {The art of prompt design: Prompt boundaries and token healing.},
  url    = {https://towardsdatascience.com/the-art-of-prompt-design-prompt-boundaries-and-token-healing-3b2448b0be38},
  year   = {2023}
}

@misc{wfsts,
  author = {Mehryar Mohri.},
  title  = {Weighted Finite-State Transducer Algorithms. An Overview, pp.\ 551--563.},
  url    = {https://doi.org/10.1007/978-3-540-39886-8_29},
  year   = {2004}
}

@article{yamada-regex,
  author = {R.~McNaughton and H.~Yamada.},
  title  = {Regular expressions and state graphs for automata.},
  year   = {1960}
}

@misc{zhang-normalization,
  author = {Hao Zhang and Richard Sproat and Axel H. Ng and Felix Stahlberg and Xiaochang Peng and Kyle},
  title  = {Gorman, and Brian Roark.},
  url    = {https://aclanthology.org/J19-2004},
  year   = {2019}
}
