@misc{krause2020gedigenerativediscriminatorguided,
  title         = {GeDi: Generative Discriminator Guided Sequence Generation},
  author        = {Ben Krause and Akhilesh Deepak Gotmare and Bryan McCann and Nitish Shirish Keskar and Shafiq Joty and Richard Socher and Nazneen Fatema Rajani},
  year          = {2020},
  eprint        = {2009.06367},
  archiveprefix = {arXiv},
  primaryclass  = {cs.CL},
  url           = {https://arxiv.org/abs/2009.06367}
}

@misc{dathathri2020plugplaylanguagemodels,
  title         = {Plug and Play Language Models: A Simple Approach to Controlled Text Generation},
  author        = {Sumanth Dathathri and Andrea Madotto and Janice Lan and Jane Hung and Eric Frank and Piero Molino and Jason Yosinski and Rosanne Liu},
  year          = {2020},
  eprint        = {1912.02164},
  archiveprefix = {arXiv},
  primaryclass  = {cs.CL},
  url           = {https://arxiv.org/abs/1912.02164}
}

@misc{liu2024tuninglanguagemodelsproxy,
  title         = {Tuning Language Models by Proxy},
  author        = {Alisa Liu and Xiaochuang Han and Yizhong Wang and Yulia Tsvetkov and Yejin Choi and Noah A. Smith},
  year          = {2024},
  eprint        = {2401.08565},
  archiveprefix = {arXiv},
  primaryclass  = {cs.CL},
  url           = {https://arxiv.org/abs/2401.08565}
}


@article{Shi2024DecodingTimeLM,
  title   = {Decoding-Time Language Model Alignment with Multiple Objectives},
  author  = {Ruizhe Shi and Yifang Chen and Yushi Hu and Alisa Liu and Hanna Hajishirzi and Noah A. Smith and Simon Shaolei Du},
  journal = {ArXiv},
  year    = {2024},
  volume  = {abs/2406.18853},
  url     = {https://api.semanticscholar.org/CorpusID:270764846}
}

@article{Fan2024OnGS,
  title   = {On Giant's Shoulders: Effortless Weak to Strong by Dynamic Logits Fusion},
  author  = {Chenghao Fan and Zhenyi Lu and Wei Wei and Jie Tian and Xiaoye Qu and Dangyang Chen and Yu Cheng},
  journal = {ArXiv},
  year    = {2024},
  volume  = {abs/2406.15480},
  url     = {https://api.semanticscholar.org/CorpusID:270703337}
}